@book{Tanenbaum:2007:MOS:1410217,
 author = {Tanenbaum, Andrew S.},
 title = {Modern Operating Systems},
 year = {2007},
 isbn = {9780136006633},
 edition = {3rd},
 publisher = {Prentice Hall Press},
 address = {Upper Saddle River, NJ, USA},
}

@book{Silberschatz:2008:OSC:1412284,
 author = {Silberschatz, Abraham and Galvin, Peter Baer and Gagne, Greg},
 title = {Operating System Concepts},
 year = {2008},
 isbn = {0470128720},
 edition = {8th},
 publisher = {Wiley Publishing},
} 